

@misc{divvy,
title={Divvy trip history data},
url={https://divvy-tripdata.s3.amazonaws.com/index.html},
  year={2020}
}

@misc{chicagomap,
title={Divvy station map | Chicago city | Data portal},
url={https://data.cityofchicago.org/Transportation/Divvy-station-map/89n3-p56s},
  year={2020}
}

@misc{chicagoweather,
title={Weather history download Chicago},
url={https://www.meteoblue.com/en/weather/archive/export/chicago_united-states-of-america_4887398},
  year={2020}
 }



@misc{windowgenerator,
title={Time series forecasting},
url={https://www.tensorflow.org/tutorials/structured_data/time_series},
  year={2020}
}


@book{unix_time,
title="The Linux Environment",
author="Matthew, Neil;Stones, Richard",
year=2008,
isbn="978-0-470-14762-7",
page="148",
address="Indiana, US"
}

@misc{reddit_time,
   author = "Reddit",
   title = "How do you represent time-of-day in artificial neural networks?",
   year = "2014",
   url = "https://www.reddit.com/r/MachineLearning/comments/1utxnk/how_do_you_represent_timeofday_in_artificial/",
 }
 
 
@article{uber,
 title = {How a Self-Driving Uber Killed a Pedestrian in Arizona},
 url = "https://www.nytimes.com/interactive/2018/03/20/us/self-driving-uber-pedestrian-killed.html",
 journal = {The New York Times},
 author = { TROY GRIGGS and DAISUKE WAKABAYASHI},
 month = mar,
 year = {2018}
}

@article{nowheel,
 title = {GM will make an autonomous car without steering wheel or pedals by 2019},
 url = "https://www.theverge.com/2018/1/12/16880978/gm-autonomous-car-2019-detroit-auto-show-2018",
 journal = {The Verge},
 author = { Andrew J. Hawkins},
 month = jan,
 year = {2018}
}

@article{aijobs,
 title = {Jobs lost, jobs gained: What the future of work will mean for jobs, skills, and wages},
 url = "https://www.mckinsey.com/featured-insights/future-of-work/jobs-lost-jobs-gained-what-the-future-of-work-will-mean-for-jobs-skills-and-wages#",
 journal = {McKinsey Global Institute},
 month = jul,
 year = {2020}
}