

@misc{divvy,
title={Divvy trip history data},
url={https://divvy-tripdata.s3.amazonaws.com/index.html},
  year={2020}
}

@misc{chicagomap,
title={Divvy station map | Chicago city | Data portal},
url={https://data.cityofchicago.org/Transportation/Divvy-station-map/89n3-p56s},
  year={2020}
}

@misc{chicagoweather,
title={Weather history download Chicago},
url={https://www.meteoblue.com/en/weather/archive/export/chicago_united-states-of-america_4887398},
  year={2020}
 }



@misc{windowgenerator,
title={Time series forecasting},
url={https://www.tensorflow.org/tutorials/structured_data/time_series},
  year={2020}
}


@book{unix_time,
title="The Linux Environment",
author="Matthew, Neil;Stones, Richard",
year=2008,
isbn="978-0-470-14762-7",
page="148",
address="Indiana, US"
}

@misc{reddit_time,
   author = "Reddit",
   title = "How do you represent time-of-day in artificial neural networks?",
   year = "2014",
   url = "https://www.reddit.com/r/MachineLearning/comments/1utxnk/how_do_you_represent_timeofday_in_artificial/",
 }