@article{cajal,
author = {Ramón y Cajal, Santiago},
year = {1888},
month = {08},
title = {Sobre las fibras nerviosas de la capa molecular del cerebro},
journal = {Histología Normal y Patológica}
}

@article{loewi,
    author = "Dale, Henry and Loewi, Otto",
    title = "The Chemical Transmission of Nerve Action",
    year = {1936},
    DOI = "https://www.nobelprize.org/prizes/medicine/1936/loewi/lecture/"
}

@book{noback,
  author = {Charles R. Noback and Robert J.Demarest},
  publisher = {Mc Graw Hill},
  title = {The human nervous system: Basic principles of neurobiology},
  year = 1981,
  edition = 10
}
@book{robertis,
  author = {De Robertis y De Robertis (h)},
  publisher = {El Ateneo},
  title = {Biologia celular y molecular},
  year = 1975
}

@article{brainmemory,
author = {Fuster, Joaquin},
year = {2009},
month = {07},
pages = {},
title = {Cortex and Memory: Emergence of a New Paradigm},
volume = {21},
journal = {Journal of Cognitive Neuroscience},
doi = {10.1162/jocn.2009.21280}
}

@article{kleene,
author = {S. C. Kleene},
year = {1951},
month = {12},
title = {Representation of events in nerve nets and finite automata}
}

@article{nielsen,
author = {Michael A. Nielsen},
year = {2015},
title = {Neural Networks and Deep Learning}
}

@article{kinsley,
author = {Kinsley, Harrison and Kukiela, Daniel},
year = {2020},
title = {Neural Network from Scratch in Python}
}

@book{papert,
  added-at = {2008-05-16T13:57:01.000+0200},
  address = {Cambridge, MA, USA},
  author = {Minsky, Marvin and Papert, Seymour},
  biburl = {https://www.bibsonomy.org/bibtex/206a5a6751b3e61408455fca2ed8d87fc/sb3000},
  description = {: mf : blob : » bibtex},
  interhash = {d80d4948a422623047f1b800272c0389},
  intrahash = {06a5a6751b3e61408455fca2ed8d87fc},
  keywords = {linear-classification neural-networks seminal},
  publisher = {MIT Press},
  timestamp = {2008-05-16T13:57:02.000+0200},
  title = {Perceptrons: An Introduction to Computational Geometry},
  year = 1969
}


@article{kiefer,
  title={Stochastic Estimation of the Maximum of a Regression Function},
  author={J. Kiefer and J. Wolfowitz},
  journal={Annals of Mathematical Statistics},
  year={1952},
  volume={23},
  pages={462-466}
}

@article{kingma,
  title={Adam: A Method for Stochastic Optimization},
  author={Diederik P. Kingma and Jimmy Ba},
  journal={CoRR},
  year={2015},
  volume={abs/1412.6980}
}

@article{zeiler,
  title={ADADELTA: An Adaptive Learning Rate Method},
  author={Matthew D. Zeiler},
  journal={ArXiv},
  year={2012},
  volume={abs/1212.5701}
}

@article{duchi,
  title={Adaptive Subgradient Methods for Online Learning and Stochastic Optimization},
  author={John C. Duchi and Elad Hazan and Y. Singer},
  journal={J. Mach. Learn. Res.},
  year={2010},
  volume={12},
  pages={2121-2159}
}

@article{rumelhart,
  added-at = {2019-05-21T10:10:49.000+0200},
  author = {Rumelhart, David E. and Hinton, Geoffrey E. and Williams, Ronald J.},
  biburl = {https://www.bibsonomy.org/bibtex/2a392597c4f9cff2cd3c96c2191fa1eb6/sxkdz},
  doi = {10.1038/323533a0},
  interhash = {c354bc293fa9aa7caffc66d40a014903},
  intrahash = {a392597c4f9cff2cd3c96c2191fa1eb6},
  journal = {Nature},
  keywords = {imported},
  number = 6088,
  pages = {533--536},
  timestamp = {2019-05-21T10:10:49.000+0200},
  title = {{Learning Representations by Back-propagating Errors}},
  url = {http://www.nature.com/articles/323533a0},
  volume = 323,
  year = 1986
}


@article{errors_basics,
  author = {Pascual, Christian},
  title = {{Tutorial: Understanding Regression Error Metrics in Python}},
  url = {https://www.dataquest.io/blog/understanding-regression-error-metrics/},
  year = 2018
}

@article{huber_loss,
  author = {Viswanathan, Gobalakrishnan},
  title = {{Huber Error}},
  url = {https://medium.com/@gobiviswaml/huber-error-loss-functions-3f2ac015cd45},
  year = 2020
}

